<record><leader>00000cas a22000007a 4500</leader><controlfield tag="001">11587544</controlfield><controlfield tag="008">850116d1878191unhuwn ne      0   a0eng d</controlfield><datafield ind1=" " ind2=" " tag="010"><subfield code="a">sn 91063244 </subfield></datafield><datafield ind1=" " ind2=" " tag="040"><subfield code="a">VTU</subfield><subfield code="b">eng</subfield><subfield code="c">VTU</subfield><subfield code="d">NVH</subfield><subfield code="d">OCL</subfield><subfield code="d">NVH</subfield><subfield code="d">MGN</subfield><subfield code="d">NHM</subfield><subfield code="d">OCLCQ</subfield><subfield code="d">OCLCF</subfield><subfield code="d">OCLCO</subfield></datafield><datafield ind1=" " ind2=" " tag="042"><subfield code="a">msc</subfield></datafield><datafield ind1=" " ind2=" " tag="043"><subfield code="a">n-us-nh</subfield><subfield code="a">n-us-me</subfield></datafield><datafield ind1="0" ind2="4" tag="245"><subfield code="a">The White Mountain echo and tourist's register.</subfield></datafield><datafield ind1="1" ind2="7" tag="246"><subfield code="a">White Mountain echo</subfield><subfield code="f">&lt;Aug. 28, 1880-&gt;</subfield></datafield><datafield ind1=" " ind2=" " tag="260"><subfield code="a">Bethlehem, N.H. :</subfield><subfield code="b">White Mt. Echo</subfield></datafield><datafield ind1=" " ind2=" " tag="300"><subfield code="a">v.</subfield></datafield><datafield ind1=" " ind2=" " tag="310"><subfield code="a">Weekly (during Summer season)</subfield></datafield><datafield ind1="0" ind2=" " tag="362"><subfield code="a">Vol. 1, no. 1 (July 13, 1878)-</subfield></datafield><datafield ind1=" " ind2=" " tag="500"><subfield code="a">Occasionally published also in North Conway, N.H.</subfield></datafield><datafield ind1=" " ind2=" " tag="550"><subfield code="a">Authorized organ of United States Hay Fever Association.</subfield></datafield><datafield ind1=" " ind2="0" tag="651"><subfield code="a">White Mountains (N.H. and Me.)</subfield><subfield code="x">Description and travel.</subfield></datafield><datafield ind1=" " ind2="7" tag="650"><subfield code="a">Travel.</subfield><subfield code="2">fast</subfield><subfield code="0">(OCoLC)fst01155558</subfield></datafield><datafield ind1=" " ind2="7" tag="651"><subfield code="a">United States</subfield><subfield code="z">White Mountains (New Hampshire and Maine)</subfield><subfield code="2">fast</subfield><subfield code="0">(OCoLC)fst01712381</subfield></datafield><datafield ind1=" " ind2=" " tag="752"><subfield code="a">United States</subfield><subfield code="b">New Hampshire</subfield><subfield code="c">Grafton</subfield><subfield code="d">Bethlehem.</subfield></datafield><datafield ind1=" " ind2=" " tag="752"><subfield code="a">United States</subfield><subfield code="b">New Hampshire</subfield><subfield code="c">Carroll</subfield><subfield code="d">North Conway.</subfield></datafield><datafield ind1="0" ind2="0" tag="785"><subfield code="t">White Mountain echo</subfield><subfield code="w">(DLC)sn 91063243</subfield></datafield></record>